@Book{Garey-Johnson ,
  author = 	 {Garey Johnson},
  editor = 	 {Non so},
  title = 	 {Computers and Intractability: a guide to the theory of
  NP-completeness},
  publisher = 	 {Freeman},
  year = 	 {1979},
  OPTkey = 	 {},
  OPTvolume = 	 {},
  OPTnumber = 	 {},
  OPTseries = 	 {},
  OPTaddress = 	 {},
  OPTedition = 	 {},
  OPTmonth = 	 {},
  OPTnote = 	 {},
  OPTannote = 	 {}
}


@Book{altra-citazione,
  author = 	 {D. Knuth},
  editor = 	 {non so},
  title = 	 {The Art of Computer Programming},
  publisher = 	 {Addison Wesley},
  year = 	 {1970},
  OPTkey = 	 {},
  OPTvolume = 	 {},
  OPTnumber = 	 {},
  OPTseries = 	 {},
  OPTaddress = 	 {},
  OPTedition = 	 {},
  OPTmonth = 	 {},
  OPTnote = 	 {},
  OPTannote = 	 {}
}

